@misc{how_not_to_evaluate,
Author = {Chia-Wei Liu and Ryan Lowe and Iulian V. Serban and Michael Noseworthy and Laurent Charlin and Joelle Pineau},
Title = {How NOT To Evaluate Your Dialogue System: An Empirical Study of Unsupervised Evaluation Metrics for Dialogue Response Generation},
Year = {2016},
Eprint = {arXiv:1603.08023},
}

@misc{Malkov,
Author = {Yu. A. Malkov and D. A. Yashunin},
Title = {Efficient and robust approximate nearest neighbor search using Hierarchical Navigable Small World graphs},
Year = {2016},
Eprint = {arXiv:1603.09320},
}

@inproceedings{pennington-etal-2014-glove,
title = "{G}love: Global Vectors for Word Representation",
author = "Pennington, Jeffrey  and
  Socher, Richard  and
  Manning, Christopher",
booktitle = "Proceedings of the 2014 Conference on Empirical Methods in Natural Language Processing ({EMNLP})",
month = oct,
year = "2014",
address = "Doha, Qatar",
publisher = "Association for Computational Linguistics",
url = "https://www.aclweb.org/anthology/D14-1162",
doi = "10.3115/v1/D14-1162",
pages = "1532--1543",
}

@misc{w2v,
Author = {Yoav Goldberg and Omer Levy},
Title = {word2vec Explained: deriving Mikolov et al.'s negative-sampling word-embedding method},
Year = {2014},
Eprint = {arXiv:1402.3722},
}

@misc{fast-text,
Author = {Piotr Bojanowski and Edouard Grave and Armand Joulin and Tomas Mikolov},
Title = {Enriching Word Vectors with Subword Information},
Year = {2016},
Eprint = {arXiv:1607.04606},
}

@misc{transformer,
Author = {Ashish Vaswani and Noam Shazeer and Niki Parmar and Jakob Uszkoreit and Llion Jones and Aidan N. Gomez and Lukasz Kaiser and Illia Polosukhin},
Title = {Attention Is All You Need},
Year = {2017},
Eprint = {arXiv:1706.03762},
}

@inproceedings{bleu,
title={BLEU: a method for automatic evaluation of machine translation},
author={Papineni, Kishore and Roukos, Salim and Ward, Todd and Zhu, Wei-Jing},
booktitle={Proceedings of the 40th annual meeting on association for computational linguistics},
pages={311--318},
year={2002},
organization={Association for Computational Linguistics}
}

@inproceedings{meteor,
title={METEOR: An automatic metric for MT evaluation with improved correlation with human judgments},
author={Banerjee, Satanjeev and Lavie, Alon},
booktitle={Proceedings of the acl workshop on intrinsic and extrinsic evaluation measures for machine translation and/or summarization},
pages={65--72},
year={2005}
}

